%% This BibTeX bibliography file was created using BibDesk.
%% http://bibdesk.sourceforge.net/

%% Created for Peter James Bernante at 2017-11-25 11:11:19 -0600 


%% Saved with string encoding Unicode (UTF-8) 



@inbook{cross-correlation,
	Address = {San Francisco, CA},
	Author = {Edwards, A. L.},
	Chapter = {4},
	Date-Added = {2017-11-25 17:01:57 +0000},
	Date-Modified = {2017-11-25 17:10:43 +0000},
	Keywords = {Correlation Coefficient},
	Pages = {33-46},
	Publisher = {W. H. Freeman},
	Title = {An Introduction to Linear Regression and Correlation},
	Year = {1976}}

@misc{wiki:Brachial_plexus,
	Author = {{Brachial Plexus}},
	Date-Modified = {2017-11-25 12:14:05 +0000},
	Lastchecked = {24-November-2017},
	Title = {Brachial Plexus --- {W}ikipedia{,} The Free Encyclopedia},
	Url = {https://en.wikipedia.org/wiki/Brachial_plexus},
	Year = {2017},
	Bdsk-Url-1 = {%7Bhttps://en.wikipedia.org/wiki/Brachial_plexus%7D}}

@misc{kaggle:ultrasound-nerve-segmentation,
	Author = {{Kaggle}},
	Date-Modified = {2017-11-25 12:23:25 +0000},
	Note = {data retrieved from World Development Indicators, \url{https://www.kaggle.com/c/ultrasound-nerve-segmentation}},
	Title = {Ultrasound Nerve Segmentation},
	Year = {2016}}

@article{2015arXiv150504597R,
	Adsnote = {Provided by the SAO/NASA Astrophysics Data System},
	Adsurl = {http://adsabs.harvard.edu/abs/2015arXiv150504597R},
	Archiveprefix = {arXiv},
	Author = {{Ronneberger}, O. and {Fischer}, P. and {Brox}, T.},
	Eprint = {1505.04597},
	Journal = {ArXiv e-prints},
	Keywords = {Computer Science - Computer Vision and Pattern Recognition},
	Month = may,
	Primaryclass = {cs.CV},
	Title = {{U-Net: Convolutional Networks for Biomedical Image Segmentation}},
	Year = 2015}

@article{2015arXiv151200567S,
	Adsnote = {Provided by the SAO/NASA Astrophysics Data System},
	Adsurl = {http://adsabs.harvard.edu/abs/2015arXiv151200567S},
	Archiveprefix = {arXiv},
	Author = {{Szegedy}, C. and {Vanhoucke}, V. and {Ioffe}, S. and {Shlens}, J. and {Wojna}, Z.},
	Eprint = {1512.00567},
	Journal = {ArXiv e-prints},
	Keywords = {Computer Science - Computer Vision and Pattern Recognition},
	Month = dec,
	Primaryclass = {cs.CV},
	Title = {{Rethinking the Inception Architecture for Computer Vision}},
	Year = 2015}

@article{2014arXiv1409.1556S,
	Adsnote = {Provided by the SAO/NASA Astrophysics Data System},
	Adsurl = {http://adsabs.harvard.edu/abs/2014arXiv1409.1556S},
	Archiveprefix = {arXiv},
	Author = {{Simonyan}, K. and {Zisserman}, A.},
	Eprint = {1409.1556},
	Journal = {ArXiv e-prints},
	Keywords = {Computer Science - Computer Vision and Pattern Recognition},
	Month = sep,
	Primaryclass = {cs.CV},
	Title = {{Very Deep Convolutional Networks for Large-Scale Image Recognition}},
	Year = 2014}

@article{GEAN:GEAN1135,
	author = {Kyriakidis, Phaedon C.},
	title = {A Geostatistical Framework for Area-to-Point Spatial Interpolation},
	journal = {Geographical Analysis},
	volume = {36},
	number = {3},
	publisher = {Blackwell Publishing Ltd},
	issn = {1538-4632},
	url = {http://dx.doi.org/10.1111/j.1538-4632.2004.tb01135.x},
	doi = {10.1111/j.1538-4632.2004.tb01135.x},
	pages = {259--289},
	year = {2004}
}

@INPROCEEDINGS{Lecun98gradient-basedlearning,
    author = {Yann Lecun and Léon Bottou and Yoshua Bengio and Patrick Haffner},
    title = {Gradient-based learning applied to document recognition},
    booktitle = {Proceedings of the IEEE},
    year = {1998},
    pages = {2278--2324}
}

@misc{jocicmarko-ultrasound-segmentation,
  title={Deep Learning Tutorial for Kaggle Ultrasound Nerve Segmentation competition, using Keras},
  author={Jocić, Marko},
  year={2016},
  publisher={GitHub},
  howpublished={\url{https://github.com/jocicmarko/ultrasound-nerve-segmentation}},
}

@ARTICLE{2016arXiv160307285D,
   author = {{Dumoulin}, V. and {Visin}, F.},
    title = "{A guide to convolution arithmetic for deep learning}",
  journal = {ArXiv e-prints},
archivePrefix = "arXiv",
   eprint = {1603.07285},
 primaryClass = "stat.ML",
 keywords = {Statistics - Machine Learning, Computer Science - Learning, Computer Science - Neural and Evolutionary Computing},
     year = 2016,
    month = mar,
   adsurl = {http://adsabs.harvard.edu/abs/2016arXiv160307285D},
  adsnote = {Provided by the SAO/NASA Astrophysics Data System}
}

@ARTICLE{2017arXiv170602515K,
   author = {{Klambauer}, G. and {Unterthiner}, T. and {Mayr}, A. and {Hochreiter}, S.
	},
    title = "{Self-Normalizing Neural Networks}",
  journal = {ArXiv e-prints},
archivePrefix = "arXiv",
   eprint = {1706.02515},
 primaryClass = "cs.LG",
 keywords = {Computer Science - Learning, Statistics - Machine Learning},
     year = 2017,
    month = jun,
   adsurl = {http://adsabs.harvard.edu/abs/2017arXiv170602515K},
  adsnote = {Provided by the SAO/NASA Astrophysics Data System}
}

@article{Sorensen-1948-BK,
    author = {S{\o}rensen, T.},
    citeulike-article-id = {7654646},
    journal = {Biol. Skr.},
    keywords = {wei-xing-bib-import-10-08-14},
    pages = {1--34},
    posted-at = {2010-08-16 09:09:29},
    priority = {2},
    title = {{A method of establishing groups of equal amplitude in plant sociology based on similarity of species and its application to analyses of the vegetation on Danish commons}},
    volume = {5},
    year = {1948}
}

@ARTICLE{2014arXiv1412.6980K,
   author = {{Kingma}, D.~P. and {Ba}, J.},
    title = "{Adam: A Method for Stochastic Optimization}",
  journal = {ArXiv e-prints},
archivePrefix = "arXiv",
   eprint = {1412.6980},
 primaryClass = "cs.LG",
 keywords = {Computer Science - Learning},
     year = 2014,
    month = dec,
   adsurl = {http://adsabs.harvard.edu/abs/2014arXiv1412.6980K},
  adsnote = {Provided by the SAO/NASA Astrophysics Data System}
}


@misc{chollet2015keras,
  title={Keras},
  author={Chollet, Fran\c{c}ois and others},
  year={2015},
  publisher={GitHub},
  howpublished={\url{https://github.com/fchollet/keras}},
}

@misc{tensorflow2015-whitepaper,
title={ {TensorFlow}: Large-Scale Machine Learning on Heterogeneous Systems},
url={https://www.tensorflow.org/},
note={Software available from tensorflow.org},
author={
    Mart\'{\i}n~Abadi and
    Ashish~Agarwal and
    Paul~Barham and
    Eugene~Brevdo and
    Zhifeng~Chen and
    Craig~Citro and
    Greg~S.~Corrado and
    Andy~Davis and
    Jeffrey~Dean and
    Matthieu~Devin and
    Sanjay~Ghemawat and
    Ian~Goodfellow and
    Andrew~Harp and
    Geoffrey~Irving and
    Michael~Isard and
    Yangqing Jia and
    Rafal~Jozefowicz and
    Lukasz~Kaiser and
    Manjunath~Kudlur and
    Josh~Levenberg and
    Dan~Man\'{e} and
    Rajat~Monga and
    Sherry~Moore and
    Derek~Murray and
    Chris~Olah and
    Mike~Schuster and
    Jonathon~Shlens and
    Benoit~Steiner and
    Ilya~Sutskever and
    Kunal~Talwar and
    Paul~Tucker and
    Vincent~Vanhoucke and
    Vijay~Vasudevan and
    Fernanda~Vi\'{e}gas and
    Oriol~Vinyals and
    Pete~Warden and
    Martin~Wattenberg and
    Martin~Wicke and
    Yuan~Yu and
    Xiaoqiang~Zheng},
  year={2015},
}
